<?xml version="1.0" encoding="UTF-8"?><collection><record><leader>06567ntm a2200661 a 4500</leader><controlfield tag="001">006819524</controlfield><controlfield tag="003">MiAaHDL</controlfield><controlfield tag="005">20190719000000.0</controlfield><controlfield tag="006">m        d        </controlfield><controlfield tag="007">cr bn ---auaua</controlfield><controlfield tag="008">090617s1840    ii            00| ||per d</controlfield><datafield tag="035" ind1=" " ind2=" "><subfield code="a">(MiU)006819524</subfield></datafield><datafield tag="035" ind1=" " ind2=" "><subfield code="a">sdr-miu006819524</subfield></datafield><datafield tag="040" ind1=" " ind2=" "><subfield code="a">MiU</subfield><subfield code="c">MiU</subfield><subfield code="e">amremm</subfield></datafield><datafield tag="041" ind1="0" ind2=" "><subfield code="a">per</subfield></datafield><datafield tag="043" ind1=" " ind2=" "><subfield code="a">n-us-mi</subfield><subfield code="a">a-ii---</subfield></datafield><datafield tag="100" ind1="0" ind2=" "><subfield code="6">880-01</subfield><subfield code="a">Niẓāmī Ganjavī,</subfield><subfield code="d">1140 or 1141-1202 or 1203.</subfield></datafield><datafield tag="240" ind1="1" ind2="0"><subfield code="6">880-02</subfield><subfield code="a">Iskandarnāmah.</subfield><subfield code="p">Sharafʻnāmah</subfield></datafield><datafield tag="245" ind1="1" ind2="0"><subfield code="6">880-03</subfield><subfield code="a">Sikandarʻnāmah-i barrī,</subfield><subfield code="f">[1256?, i.e. 1840?].</subfield></datafield><datafield tag="246" ind1="3" ind2=" "><subfield code="a">سكندر نامه برى</subfield></datafield><datafield tag="246" ind1="3" ind2=" "><subfield code="a">سکندرنامه بری</subfield></datafield><datafield tag="246" ind1="3" ind2=" "><subfield code="a">شرف نامه</subfield></datafield><datafield tag="246" ind1="3" ind2=" "><subfield code="a">اسكندر نامه</subfield></datafield><datafield tag="246" ind1="3" ind2=" "><subfield code="6">880-04</subfield><subfield code="i">Title from inscription above opening on p.4.</subfield><subfield code="a">اسکندر نامه</subfield></datafield><datafield tag="260" ind1=" " ind2=" "><subfield code="a">[Bādpūr?,</subfield><subfield code="c">1840?].</subfield></datafield><datafield tag="300" ind1=" " ind2=" "><subfield code="a">198 leaves :</subfield><subfield code="b">paper ;</subfield><subfield code="c">267 x 162 (209 x 96) mm.</subfield></datafield><datafield tag="500" ind1=" " ind2=" "><subfield code="a">Shelfmark: Ann Arbor, University of Michigan, Special Collections Library, Isl. Ms. 854</subfield></datafield><datafield tag="500" ind1=" " ind2=" "><subfield code="a">Origin: As appears in colophon on p.393, copied by Muḥammad Bakhsh ibn Muḥammad ʻAẓīm [likely the same copyist who executed Isl. Ms. 852 in 1238/1822] with transcription completed in Ṣafar 1256 [?] [April 1840 ?, corresponding to 1896 in Vikram Samvat as likely suggested earlier in colophon] in Bādpūr [?].</subfield></datafield><datafield tag="500" ind1=" " ind2=" "><subfield code="a">Accompanying materials: a. Photocopy of card with typed notes "17302 | 865 Amritsor, India | 1 Indian manuscript book | Original no. -- K241. Persian Poetry; 1896; green cloth slip cover. | Univ. of Mich., Div. of Fine Arts | Walter Koelz, 1932-33 | March 19, 1934" -- b. Scrap of ruled paper with notes in pencil "Persian Poetry | Date 1896 | Aminpur (place) | copy of Nizami's Iskandar-name" -- c. Card with typed notes and additions in pen "K241 | 17302 | Indian [crossed out] Mogul (?) manuscript book, green cloth slip cover | Persian script | Amritsar." -- d. Short piece of white cotton cord with label attached "17302/K241" -- e. Slip of paper (once folded) with notes and stamp (between pp.206-207).</subfield></datafield><datafield tag="500" ind1=" " ind2=" "><subfield code="a">Former shelfmark: Mich. Isl. Ms. temp. no. 3</subfield></datafield><datafield tag="500" ind1=" " ind2=" "><subfield code="a">Binding: Pasteboards faced in untinted laid paper with red-brown leather over spine and edges / turn-ins (paper faced, leather-edged, framed binding), now fitted with light blue (faded to green-blue) custom textile jacket or detachable overcover, stitched to form a sleeve into which each covered board slips (see p.246-247, 453 in Julia Miller, Books will speak plain) ; Type III binding (without flap) ; board linings in untinted laid paper (some recycled) ; sewn in black and white thread (black and white threads twisted together), two stations ; heavy, worked chevron endbands in blue and cream, good condition ; overall in fairly good condition with some staining, abrasion, minor losses of cloth, etc. ; housed in box for protection.</subfield></datafield><datafield tag="500" ind1=" " ind2=" "><subfield code="a">Support: non-European (likely Indian) laid paper with roughly 7 laid lines per cm. (horizontal, somewhat indistinct, curving) and no chain lines clearly visible, quite cloudy formation, sturdy though thin and transluscent, light brown in color, burnished.</subfield></datafield><datafield tag="500" ind1=" " ind2=" "><subfield code="a">Decoration: Headpiece (ʻunwān / sarlawḥ) at opening on p.4 consisting of rectangular piece (carrying the basmalah in black ink) set between decorative bands and surmounted by dome with vegetal design, mainly in red ; section headings rubricated ; some overlining in red ; written area surrounded by red double rule-border, divisions within also defined by red rules.</subfield></datafield><datafield tag="500" ind1=" " ind2=" "><subfield code="a">Script: Nastaʻlīq ; elegant Indian hand ; serifless with inclination to the right and slight effect of words descending to baseline, elongation and somewhat exaggerated thickness of horizontal strokes, mainly closed counters, yāʼ always pointed.</subfield></datafield><datafield tag="500" ind1=" " ind2=" "><subfield code="a">Layout: Written in 18 lines per page, with written area divided to two columns ; frame-ruled.</subfield></datafield><datafield tag="500" ind1=" " ind2=" "><subfield code="a">Collation: 24 IV (192), III (198) ; almost exclusively quaternions (followed by a ternion) ; opening and final leaf affixed to endpaper and trimmed ; middle of the quire marks in the form of oblique black strokes in the upper outer corner of the right-hand leaf and the lower outer corner of the left-hand leaf (from p.72-73, perhaps prior to that lost to trimming) ; catchwords present ; foliation in black ink, Hindu-Arabic numerals ; pagination in pencil, Western numerals (includes partial 'flyleaves' / free hinges).</subfield></datafield><datafield tag="500" ind1=" " ind2=" "><subfield code="a">Colophon: "Scribal," reads "تمت تمام شد نسخه سکندر نامه بری در ماه سفر [صفر ؟] بتاریخ ١۴ ١٨٩۶ بید خط بنده احقر العباد محمد بخش ابن شیخ محمد عظیم مفتی ... در موضع بادپور تحریر یافت سنه ۱۲ ٥۶"</subfield></datafield><datafield tag="500" ind1=" " ind2=" "><subfield code="a">Incipit: "خدایا جهان پادشاهی تراست زما خذمت [خدمت] آید خدائی تراست ..."</subfield></datafield><datafield tag="500" ind1=" " ind2=" "><subfield code="a">Title from colophon on p.393.</subfield></datafield><datafield tag="500" ind1=" " ind2=" "><subfield code="a">Ms. codex.</subfield></datafield><datafield tag="510" ind1="4" ind2=" "><subfield code="a">Miller, Julia. Books will speak plain : a handbook for identifying and describing historical bindings. Ann Arbor : The Legacy Press, 2010.</subfield></datafield><datafield tag="510" ind1="4" ind2=" "><subfield code="a">Cat. Pers. MSS. Brit. Mus.,</subfield><subfield code="c">p.568</subfield></datafield><datafield tag="520" ind1="8" ind2=" "><subfield code="a">Fine copy of the opening part (Sharafʻnāmah or Iskandarʻnāmah-i barrī) of Niẓāmī's celebrated poetic account of the legend of Alexander the Great.</subfield></datafield><datafield tag="538" ind1=" " ind2=" "><subfield code="a">Mode of access: Internet.</subfield></datafield><datafield tag="541" ind1=" " ind2=" "><subfield code="a">Acquired in Amritsar for the Museum of Anthropology by Walter Koelz on his two-year collecting trip in 1932-33 and received in 19 March 1934 ; apparently reached the Library in late 1970s.</subfield></datafield><datafield tag="546" ind1=" " ind2=" "><subfield code="a">Persian.</subfield></datafield><datafield tag="561" ind1=" " ind2=" "><subfield code="a">Excerpts and former owners' marks on 'title page' (p.3), etc. ; numerous interlinear and marginal glosses.</subfield></datafield><datafield tag="600" ind1="0" ind2="0"><subfield code="a">Alexander,</subfield><subfield code="c">the Great,</subfield><subfield code="d">356 B.C.-323 B.C.</subfield><subfield code="v">Poetry</subfield><subfield code="v">Early works to 1800.</subfield></datafield><datafield tag="650" ind1=" " ind2="0"><subfield code="a">Manuscripts, Persian</subfield><subfield code="z">Michigan</subfield><subfield code="z">Ann Arbor.</subfield></datafield><datafield tag="650" ind1=" " ind2="0"><subfield code="a">Epic poetry, Persian</subfield><subfield code="v">Early works to 1800.</subfield></datafield><datafield tag="655" ind1=" " ind2="7"><subfield code="a">Headpieces (layout features)</subfield><subfield code="y">19th century</subfield><subfield code="z">India.</subfield><subfield code="z">aat</subfield></datafield><datafield tag="700" ind1="0" ind2=" "><subfield code="6">880-07</subfield><subfield code="a">Muḥammad Bakhsh ibn Muḥammad ʻAẓīm,</subfield><subfield code="d">fl. 1822,</subfield><subfield code="e">scribe.</subfield></datafield><datafield tag="773" ind1="0" ind2=" "><subfield code="a">Walter Koelz Manuscripts.</subfield></datafield><datafield tag="880" ind1="0" ind2=" "><subfield code="6">700-07/</subfield><subfield code="a">محمد بخش ابن محمد عظيم,</subfield><subfield code="e">ناسخ.</subfield></datafield><datafield tag="880" ind1="3" ind2=" "><subfield code="6">246-04/</subfield><subfield code="a">Iskandarʻnāmah</subfield></datafield><datafield tag="880" ind1="1" ind2="0"><subfield code="6">245-03/</subfield><subfield code="a">سکندر نامه بری,</subfield><subfield code="f">[1256ه؟, 1840م؟].</subfield></datafield><datafield tag="880" ind1="1" ind2="0"><subfield code="6">240-02/</subfield><subfield code="a">اسکندرنامه.</subfield><subfield code="p">شرفنامه</subfield></datafield><datafield tag="880" ind1="0" ind2=" "><subfield code="6">100-01/</subfield><subfield code="a">نظامي گنجوي.</subfield></datafield><datafield tag="CID" ind1=" " ind2=" "><subfield code="a">006819524</subfield></datafield><datafield tag="DAT" ind1="0" ind2=" "><subfield code="a">20190719102639.0</subfield><subfield code="b">20190719000000.0</subfield></datafield><datafield tag="DAT" ind1="1" ind2=" "><subfield code="a">20190719090653.0</subfield><subfield code="b">2019-07-19T16:12:09Z</subfield></datafield><datafield tag="DAT" ind1="2" ind2=" "><subfield code="a">2015-10-02T18:00:03Z</subfield></datafield><datafield tag="CAT" ind1=" " ind2=" "><subfield code="a">SDR-MIU</subfield><subfield code="d">EX LIBRIS - ALEPH</subfield><subfield code="l">prepare.pl-004-008</subfield></datafield><datafield tag="FMT" ind1=" " ind2=" "><subfield code="a">BK</subfield></datafield><datafield tag="HOL" ind1=" " ind2=" "><subfield code="0">sdr-miu006819524</subfield><subfield code="a">MiU</subfield><subfield code="b">SDR</subfield><subfield code="c">MIU</subfield><subfield code="p">mdp.39015079130392</subfield><subfield code="s">MIU</subfield><subfield code="1">006819524</subfield></datafield><datafield tag="974" ind1=" " ind2=" "><subfield code="b">MIU</subfield><subfield code="c">MIU</subfield><subfield code="d">20190719</subfield><subfield code="s">lit-dlps-dc</subfield><subfield code="u">mdp.39015079130392</subfield><subfield code="y">1840</subfield><subfield code="r">pd</subfield><subfield code="q">bib</subfield><subfield code="t">non-US bib date1 &lt; 1879</subfield></datafield></record></collection>